%% This BibTeX bibliography file was created using BibDesk.
%% http://bibdesk.sourceforge.net/


%% Created for Timon HÃ¶bert at 2013-09-17 18:57:14 +0200


%% Saved with string encoding Unicode (UTF-8)



@book{tanenbaum2007verteilte,
	Author = {Tanenbaum, A.S. and Van Steen, M.},
	Date-Added = {2013-05-31 06:07:13 +0000},
	Date-Modified = {2013-05-31 06:07:13 +0000},
	Isbn = {9783827372932},
	Publisher = {Addison Wesley Verlag},
	Series = {Pearson Studium},
	Title = {Verteilte Systeme: Prinzipien und Paradigmen},
	Url = {http://books.google.at/books?id=V6I6PQAACAAJ},
	Year = {2007},
	Bdsk-Url-1 = {http://books.google.at/books?id=V6I6PQAACAAJ}}

@book{mahmoud2005middleware,
	Author = {Mahmoud, Q.},
	Date-Added = {2013-05-23 16:59:44 +0000},
	Date-Modified = {2013-05-23 16:59:44 +0000},
	Isbn = {9780470862070},
	Publisher = {Wiley},
	Title = {Middleware for Communications},
	Url = {http://books.google.at/books?id=bh8\_0FD3qgQC},
	Year = {2005},
	Bdsk-Url-1 = {http://books.google.at/books?id=bh8%5C_0FD3qgQC}}


@misc{aparapi,
  TITLE = {Aparapi Homepage},
  HOWPUBLISHED = "\url{http://aparapi.github.io/}",
  YEAR = "2016",
  NOTE = "[Online; accessed 15-January-2016]"
}

@misc{hardwareacc_streamingmedia,
  TITLE = "Back to Basics: Hardware Acceleration",
  HOWPUBLISHED = "\url{http://www.streamingmedia.com/Articles/Editorial/Featured-Articles/Back-to-Basics-Hardware-Acceleration-66858.aspx}",
  AUTHOR = "Siglin, Tim",
  YEAR = "2010",
  NOTE = "[Online; accessed 15-January-2016]"
}


@book{programminggpgpu_kirk,
  title={Programming Massively Parallel Processors: A Hands-on Approach},
  author={Kirk, D.B. and Hwu, W.W.},
  isbn={9780123814739},
  lccn={2009048259},
  series={Applications of GPU Computing Series},
  year={2010},
  publisher={Elsevier Science}
}

@book{openclprogramming_munshi,
  title={OpenCL Programming Guide},
  author={Munshi, A. and Gaster, B. and Mattson, T.G. and Ginsburg, D.},
  isbn={9780132594554},
  series={OpenGL},
  year={2011},
  publisher={Pearson Education}
}

@misc{openclstudio,
  TITLE = "OpenCL Studio",
  HOWPUBLISHED = "\url{http://www.opencldev.com/}",
  YEAR = "2012",
  NOTE = "[Online; accessed 15-January-2016]"
}

@misc{nsighteclipse,
  TITLE = "Nsight Eclipse Edition",
  HOWPUBLISHED = "\url{https://developer.nvidia.com/nsight-eclipse-edition}",
  YEAR = "2016",
  NOTE = "[Online; accessed 15-January-2016]"
}

@misc{cudallvm,
  TITLE = "CUDA LLVM Compiler",
  HOWPUBLISHED = "\url{https://developer.nvidia.com/cuda-llvm-compiler}",
  YEAR = "2016",
  NOTE = "[Online; accessed 22-January-2016]"
}

@misc{swan,
  TITLE = "Swan: A simple tool for porting CUDA to OpenCL",
  HOWPUBLISHED = "\url{http://www.multiscalelab.org/swan}",
  YEAR = "2016",
  NOTE = "[Online; accessed 22-January-2016]"
}

@misc{rootbeer1,
  TITLE = "Rootbeer GPU Compiler",
  HOWPUBLISHED = "\url{https://github.com/pcpratts/rootbeer1}",
  YEAR = "2016",
  NOTE = "[Online; accessed 22-January-2016]"
}

@misc{gpupi,
  TITLE = "Overclockers: GPUPI",
  HOWPUBLISHED = "\url{https://www.overclockers.at/news/gpupi-international-support-thread}",
  YEAR = "2016",
  NOTE = "[Online; accessed 22-January-2016]"
}